@inproceedings{SmithAndLai2005,
	Address = {Paris, France},
	Author = {W. Spencer Smith and Lei Lai},
	Booktitle = {Proceedings of the First International Workshop on Situational Requirements Engineering Processes -- Methods, Techniques and Tools to Support Situation-Specific Requirements Engineering Processes, SREP'05},
	Date-Added = {2017-09-14 15:47:18 +0000},
	Date-Modified = {2017-09-14 15:47:18 +0000},
	Editor = {J. Ralyt\'{e} and P. \.{A}gerfalk and N. Kraiem},
	Local-Url = {file://localhost/Users/smiths/Work/Research/Papers/SREP05/SREP05_ReformatAndRevise/SmithAndLai_2005.pdf},
	Organization = {In conjunction with 13th IEEE International Requirements Engineering Conference},
	Pages = {107--121},
	Title = {A New Requirements Template for Scientific Computing},
	Year = {2005},
	Bdsk-File-1 = {YnBsaXN0MDDSAQIDBFxyZWxhdGl2ZVBhdGhZYWxpYXNEYXRhXxBVLi4vLi4vLi4vLi4vV29yay9SZXNlYXJjaC9QYXBlcnMvU1JFUDA1L1NSRVAwNV9SZWZvcm1hdEFuZFJldmlzZS9TbWl0aEFuZExhaV8yMDA1LnBkZk8RAcQAAAAAAcQAAgAADE1hY2ludG9zaCBIRAAAAAAAAAAAAAAAAAAAAAAAAABCRAAB/////xRTbWl0aEFuZExhaV8yMDA1LnBkZgAAAAAAAAAAAAAAAAAAAAAAAAAAAAAAAAAAAAAAAAAAAAAAAAAAAAAAAAD/////AAAAAAAAAAAAAAAAAAQABgAACiBjdQAAAAAAAAAAAAAAAAAYU1JFUDA1X1JlZm9ybWF0QW5kUmV2aXNlAAIAWC86VXNlcnM6c21pdGhzOldvcms6UmVzZWFyY2g6UGFwZXJzOlNSRVAwNTpTUkVQMDVfUmVmb3JtYXRBbmRSZXZpc2U6U21pdGhBbmRMYWlfMjAwNS5wZGYADgAqABQAUwBtAGkAdABoAEEAbgBkAEwAYQBpAF8AMgAwADAANQAuAHAAZABmAA8AGgAMAE0AYQBjAGkAbgB0AG8AcwBoACAASABEABIAVlVzZXJzL3NtaXRocy9Xb3JrL1Jlc2VhcmNoL1BhcGVycy9TUkVQMDUvU1JFUDA1X1JlZm9ybWF0QW5kUmV2aXNlL1NtaXRoQW5kTGFpXzIwMDUucGRmABMAAS8AABUAAgAN//8AAAAIAA0AGgAkAHwAAAAAAAACAQAAAAAAAAAFAAAAAAAAAAAAAAAAAAACRA==}}

 @misc{hinderks_schrepp_thomaschewski, title={User experience questionnaire}, url={https://www.ueq-online.org/}, journal={User Experience Questionnaire (UEQ)}, publisher={UEQ Team}, author={Hinderks, Andreas and Schrepp, Martin and Thomaschewski, Jörg}} 

 @misc{al-khazraji_2022, title={Matlab code of inverted pendulum on CART using ODE45 (animation)}, url={https://www.youtube.com/watch?v=glf8HC5CiyE&amp;t=162s}, journal={YouTube}, publisher={YouTube}, author={AL-Khazraji, Huthaifa}, year={2022}, month={Apr}} 